@online{strcat,
	title = {strcat},
	date = {2019-02-20},
	url = {http://www.cplusplus.com/reference/cstring/strcat/},
}

@online{wavFile,
	title = {Digital Audio - Creating a WAV (RIFF) file},
	date = {2019-02-20},
	url = {http://www.topherlee.com/software/pcm-tut-wavformat.html},
}

@online{wavBrokenFix,
	title = {Fixing broken WAV files with SoX},
	date = {2019-02-23},
	url = {https://langdoc.github.io/2017-05-28-sox-trick.html},
}

@online{sampleRates,
	title = {Sample Rates and Bit Depth... In a nutshell},
	date = {2019-03-01},
	url = {https://www.masteringthemix.com/blogs/learn/113159685-sample-rates-and-bit-depth-in-a-nutshell},
}

@inbook{digSgnProcess,
  title = {Digital Signal Processing},
  author = {Alan V. Oppenheim, Ronald W. Schafer},
  year = {1975},
  publisher = {Prentice Hall},
  chapter = {5, Digital filter design techniques}
}



