@online{cpluplusStrcat,
	title = {strcat},
	date = {2019-02-20},
	url = {http://www.cplusplus.com/reference/cstring/strcat/},
}
