% Used
@ARTICLE{7079589,
	author={R. C. {Guido}},
	journal={IEEE Signal Processing Magazine}, 
	title={Practical and Useful Tips on Discrete Wavelet Transforms [sp Tips   Tricks]}, 
	year={2015},
	volume={32},
	number={3},
	pages={162-166},
	abstract={The discrete wavelet transform (DWT) [1] is one of the most powerful tools for time-frequency signal analysis. Its applicability is extremely relevant in various areas of science, as exemplified in [2], with digital signal processing (DSP) as the most notable one. After teaching this topic for many years, I have noted that neither young DSP students nor experienced researchers have perceived several interesting aspects of the DWT from a practical point of view. Thus, the objective of this article is to construe such relevant aspects, providing useful tips to calculate the transform in one (1-D) and two (2-D) dimensions. The entire discussion is also valid to the discrete wavelet-packet transform (DWPT), which extends the decomposition carried out by the DWT so that a finer time-frequency analysis takes place, and also to the discrete shapelet transform (DST) [3], which extends the properties of the DWT and DWPT so that a joint time-frequency-shape signal analysis becomes possible.},
	keywords={Discrete wavelet transforms;Approximation methods;Equations;Matrix decomposition;Digital signal processing;Mathematical model},
	doi={10.1109/MSP.2014.2368586},
	ISSN={1558-0792},
	month={May},
}

% Used
@book{Jensen_2001,
	doi = {10.1007/978-3-642-56702-5},
	url = {https://doi.org/10.1007%2F978-3-642-56702-5},
	year = 2001,
	publisher = {Springer Berlin Heidelberg},
	author = {Arne Jensen and Anders la Cour-Harbo},
	title = {Ripples in Mathematics}
}

% Used
@ARTICLE{8588433,
author={R. C. {Guido}},
journal={IEEE Signal Processing Magazine},
title={Paraconsistent Feature Engineering [Lecture Notes]},
year={2019},
volume={36},
number={1},
pages={154-158},
keywords={feature extraction;formal logic;knowledge representation;learning (artificial intelligence);pattern classification;feature learning;paraconsistent logic;data classification;nonclassical logical system;classifiers;paraconsistent feature engineering;artificial intelligence;Feature extraction;Task analysis;Artificial intelligence;Digital signal processing;Uncertainty},
doi={10.1109/MSP.2018.2874549},
ISSN={},
month={Jan},}

% Used
@ARTICLE{Rod5254905,
	author={P. S. {Addison} and J. {Walker} and R. C. {Guido}},
	journal={IEEE Engineering in Medicine and Biology Magazine},
	title={Time--frequency analysis of biosignals},
	year={2009},
	volume={28},
	number={5},
	pages={14-29},
	keywords={discrete wavelet transforms;encoding;medical signal processing;time-frequency analysis;time-frequency analysis;signal-coding tool;biomedical signal processing;continuous wavelet transform;discrete wavelet transform;time-frequency decomposition tool;Signal analysis;Wavelet analysis;Continuous wavelet transforms;Wavelet transforms;Discrete wavelet transforms;Frequency;Transient analysis;Biomedical signal processing;Discrete transforms;Signal resolution;Algorithms;Biomedical Technology;Diagnostic Imaging;Electrodiagnosis;Fourier Analysis;Image Processing, Computer-Assisted;Normal Distribution;Pattern Recognition, Automated;Signal Processing, Computer-Assisted},
	doi={10.1109/MEMB.2009.934244},
	ISSN={},
	month={Sep.},}

% Used
@misc{robi2003,
	title={The wavelet tutorial},
	author={Polikar, Robi and others},
	year={1996}
}

% Used
@online{WAVE2019,
	author = {Craig Stuart Sapp},
	title = {WAVE PCM soundfile format},
	date = {2019-11-14},
	url = {http://soundfile.sapp.org/doc/WaveFormat/},
	year = {2019},
}

% Used
@article{adiga2007writing,
	title={Writing endian-independent code in C},
	author={Adiga, H},
	journal={Retrieved April},
	volume={24},
	year={2007}
}

% Used
@manual{microsoftIbmWaveSpec,
	organization = "IBM and Microsoft",
	title = "Multimedia Programming Interfaceand Data Specifications 1.0",
	year = 1991,
	note = "Rev. 1.0"
}

% Used
@book{haykin2011sistemas,
	title={Sistemas de Comunica{\c{c}}{\~a}o-5},
	author={Haykin, Simon and Moher, Michael},
	year={2011},
	publisher={Bookman Editora}
}

% Used
@article{kremer2014eficiencia,
	title={A efici{\^e}ncia do disfarce em vozes femininas: uma an{\'a}lise da frequ{\^e}ncia fundamental},
	author={Kremer, Robinson Luis and GOMES, ML d C},
	journal={ReVEL},
	volume={12},
	pages={23},
	year={2014}
}

% Used
@article{freitas2013avaliaccao,
	title={Avalia{\c{c}}{\~a}o ac{\'u}stica e {\'a}udio percetiva na caracteriza{\c{c}}{\~a}o da voz humana},
	author={Freitas, Susana},
	year={2013},
	publisher={Faculdade de Engenharia da Universidade do Porto}
}

% Used
@article{valencca2014analise,
	title={An{\'a}lise ac{\'u}stica dos formantes em indiv{\'\i}duos com defici{\^e}ncia isolada do horm{\^o}nio do crescimento},
	author={Valen{\c{c}}a, Eug{\^e}nia Herm{\'\i}nia Oliveira and others},
	year={2014},
	publisher={Universidade Federal de Sergipe}
}