@online{strcat,
	title = {strcat},
	date = {2019-02-20},
	url = {http://www.cplusplus.com/reference/cstring/strcat/},
}

@online{wavFile,
	title = {Digital Audio - Creating a WAV (RIFF) file},
	date = {2019-02-20},
	url = {http://www.topherlee.com/software/pcm-tut-wavformat.html},
}

@online{wavBrokenFix,
	title = {Fixing broken WAV files with SoX},
	date = {2019-02-23},
	url = {https://langdoc.github.io/2017-05-28-sox-trick.html},
}


